% Use this file for citations not found in the ACL Anthology (contained in "anthology.bib").

%%%%%%%%%%% MY REFERENCES %%%%%%%%%%%%%%%%%%%%%%%%%%%%%%%%%%%%%%%%%%%%%%%%

@Article{bracchi2023invented,
  author    = {Bracchi, Lisa},
  title     = {Invented languages and their reflections on the world of video games},
  year      = {2023},
  doi       = {10.13140/RG.2.2.14042.31687},
  language  = {en},
  publisher = {Unpublished},
  url       = {https://doi.org/10.13140/RG.2.2.14042.31687},
}

@Book{adams2011elvish,
  author    = {Adams, Michael},
  publisher = {Oxford Univ. Press},
  title     = {From {E}lvish to {K}lingon},
  year      = {2011},
  address   = {Oxford},
  isbn      = {9780192807090},
  note      = {Literaturangaben},
  pagetotal = {294},
  ppn_gvk   = {1613097867},
  subtitle  = {Exploring invented languages},
  url       = {https://archive.org/details/fromelvishtoklin0000adam},
}

@Article{brouwer2022“lass,
  author    = {Brouwer, Susanne and Akkermans, Noortje and Hendriks, Lieke and van Uden, Hanne and Wilms, Veerle},
  journal   = {Journal of Experimental Psychology: Applied},
  title     = {“{L}ass frooby noo!” the interference of song lyrics and meaning on speech intelligibility.},
  year      = {2022},
  issn      = {1076-898X},
  month     = sep,
  number    = {3},
  pages     = {576--588},
  volume    = {28},
  doi       = {10.1037/xap0000368},
  publisher = {American Psychological Association (APA)},
  url       = {https://doi.org/10.1037/xap0000368},
}

@Online{barnes2020sims,
  author = {Adam Barnes},
  date   = {2025-03-17},
  title  = {The {S}ims turns 20: {C}reator {W}ill {W}right reflects on the battle he waged to get one of the best games of all time made},
  url    = {https://www.gamesradar.com/the-making-of-the-sims/},
  year   = {2020},
}

@Online{kilbane2020history,
  author = {Brennan Kilbane},
  date   = {2025-03-17},
  title  = {A history of {S}imlish, the language that defined {T}he {S}ims},
  url    = {https://www.theverge.com/2020/2/7/21126705/the-sims-simlish-language-history-20th-anniversary-game},
  year   = {2020},
}

@Online{bassi2023how,
  author = {Isha Bassi},
  date   = {2025-03-17},
  title  = {How {M}usicians {R}ecord {S}ongs {I}n {S}imlish {F}or "{T}he {S}ims"},
  url    = {https://www.buzzfeed.com/ishabassi/the-sims-translating-songs-into-simlish-process},
  year   = {2023},
}

@Online{ejm2020phonology,
  author = {EJM},
  date   = {2025-03-17},
  title  = {A {P}honology of {S}imlish},
  url    = {https://ejlinguist.wordpress.com/2020/02/23/a-phonology-of-simlish/},
  year   = {2020},
}

@Online{wiki2025simlish,
  author = {{The Sims Wiki}},
  date   = {2025-03-17},
  title  = {Simlish - {T}he {S}ims {W}iki},
  url    = {https://sims.fandom.com/wiki/Simlish},
  year   = {2025},
}

@Online{atwood2007software,
  author = {Jeff Atwood},
  date   = {2025-03-17},
  title  = {Software {I}nternationalization, {SIMS} {S}tyle},
  url    = {https://blog.codinghorror.com/software-internationalization-sims-style/},
  year   = {2007},
}

@Online{wiki2025songs,
  author = {{The Sims Wiki}},
  date   = {2025-03-17},
  title  = {Songs in {S}imlish - {T}he {S}ims {W}iki},
  url    = {https://sims.fandom.com/wiki/Songs_in_Simlish},
  year   = {2025},
}

@Online{kirce2024language,
  author = {Kirce},
  date   = {2025-03-17},
  title  = {The language of the {S}ims (by a linguist) - {Y}ou{T}ube},
  url    = {https://www.youtube.com/watch?v=ky7DSB0IVL4},
  year   = {2024},
}

@Online{grengoddess2025grengoddess,
  author = {GrenGoddess},
  date   = {2025-03-17},
  title  = {Gren{G}oddess - {Y}ou{T}ube},
  url    = {https://www.youtube.com/@TheOG-GG/videos},
  year   = {2025},
}

@Online{ea2004thesims2.com,
  author = {EA},
  date   = {2025-03-17},
  title  = {The{S}ims2.com - {C}ommunity - {I}nterview 4.22.04},
  url    = {https://web.archive.org/web/20100515001124/http://thesims2.ea.com/community/interview_04_22_04.php},
  year   = {2004},
}

@Online{simlish2012simlish,
  author = {{Sims Simlish}},
  date   = {2025-03-17},
  title  = {Simlish {D}ictionary - {S}ims {S}imlish},
  url    = {https://web.archive.org/web/20210420235748/http://learnsimlish.blogspot.com/p/simlish-dictionary.html},
  year   = {2012},
}

@Online{beck2023simlish,
  author = {Aura Beck},
  date   = {2025-03-17},
  title  = {Simlish {D}ictionary - {A}ugold's {P}lace},
  url    = {https://augoldsplace.wixsite.com/augolds-place/simlish-dictionary},
  year   = {2023},
}

@Comment{jabref-meta: databaseType:biblatex;}
